% UWAGA: Żeby bibliografia działała gdy używamy TeXstudio, to należy dołączyć
% wykonywanie programu "bibtex" do opcji (w Options> Configure TeXstudio)
% Więcej informacji w poście: https://tex.stackexchange.com/a/216325
%
% Aby użyć wpisu w kodzie .tex piszemy np:
% \cite{AtlasAGH}
% - to wykorzysta pierwszy z poniższych wpisów
%

%%%%%%%%%%%%%%%%%%%%%%%%%%%%%%%%%%%%%
%% Wstęp
%%%%%%%%%%%%%%%%%%%%%%%%%%%%%%%%%%%%%

@article{AtlasAGH,
	author = {Bochenek, M. and Bołd, T. and Ciba, K. and 
	Dąbrowski, W. and Deptuch, M. and Dwużnik, M. and Fiutowski, T. and 
	Grabowska-Bołd, I. and Idzik, M. and Jeleń, K. and Kisielewska, D. and 
	Koperny, S. and Kowalski, T. Z. and Kulis, S. and Mindur, B. and Muryn, B. and 
	Obłąkowska-Mucha, A. and Pieron, J. and Półtorak, K. and Prochal, B. and 
	Suszycki, L. and Szumlak, T. and Świentek, K. and Toczek, B. and Tora, T.},
	title = {Budowa aparatury detekcyjnej i przygotowanie
programu fizycznego przyszłych eksperymentów fizyki
cząstek (ATLAS i LHCb na akceleratorze LHC i Super
LHC oraz eksperymentu na akceleratorze liniowym ILC).},
	url = {https://inis.iaea.org/collection/NCLCollectionStore/_Public/40/108/40108055.pdf},
	journal = {Akademia Górniczo-Hutnicza im. S. Staszica. Wydział Fizyki i Informatyki Stosowanej. Raport Roczny 2008.},
	year = {2008}
}

@online{AtlasWikipedia,
	author = {Wikipedia The Free Encyclopedia},
	title = {ATLAS experiment},
	url = {https://en.wikipedia.org/wiki/ATLAS_experiment},
	urldate = {2019-12-07}
}


%%%%%%%%%%%%%%%%%%%%%%%%%%%%%%%%%%%%%
%% Technologie
%%%%%%%%%%%%%%%%%%%%%%%%%%%%%%%%%%%%%

%% C++

@manual{Bjarne,
	author = {Stroustrup, Bjarne},
	title = {Język C++, Kompendium Wiedzy, Wydanie IV (The C++ Programming Language, 4th Edition)},
	year = {2014},
	pages = {35--53},
	publisher = {HELION S.A.},
	address = {ul. Kościuszki 1c, 44-100 Gliwice},
}

@online{Cpp14Wikipedia,
	author = {Wikipedia The Free Encyclopedia},
	title = {C++14},
	url = {https://en.wikipedia.org/wiki/C%2B%2B14},
	urldate = {2019-12-07}
}

@online{BartekCodingBlogCpp17,
	author = {Filipek, Bartłomiej},
	title = {C++ 17 Features},
	url = {https://www.bfilipek.com/2017/01/cpp17features.html},
	urldate = {2019-12-07}
}

@online{BoostDocs,
	title = {Dokumentacja biblioteki Boost w wersji 1.57.0},
	url = {https://www.boost.org/doc/libs/1_57_0/?view=categorized},
	urldate = {2019-12-07}
}

%% Biblioteki

@manual{Compiling,
	author = {Stevanovic, Milan},
	title = {C and C++ Compiling. An engineering guide to compiling, linking, and libraries using C and C++},
	year = {2014},
	pages = {53-115},
	publisher = {Apress},
}

@online{Static1,
	author = {Mohan, Megha},
	title = {All about Static Libraries in C},
	url = {https://medium.com/@meghamohan/all-about-static-libraries-in-c-cea57990c495},
	urldate = {2019-12-09}
}


@online{TLDP,
	author = {The Linux Documentation Project},
	title = {Shared Libraries},
	url = {http://tldp.org/HOWTO/Program-Library-HOWTO/shared-libraries.html},
	urldate = {2019-12-09}
}

@manual{SharedNames,
	author = {Kerrisk, Michael},
	title = {The Linux Programming Interface},
	year = {2010},
	pages = {845-847},
	publisher = {no starch press}
}


@online{Shared1,
	author = {Thong, Jimmy},
	title = {Shared (dynamic) libraries in the C programming language},
	url = {https://medium.com/meatandmachines/shared-dynamic-libraries-in-the-c-programming-language-8c2c03311756},
	urldate = {2019-12-09}
}


@online{Shared2,
	author = {Seebach, Peter},
	title = {Dissecting shared libraries},
	url = {https://www.ibm.com/developerworks/library/l-shlibs/},
	urldate = {2019-12-09}
}

@online{Shared3,
	author = {Gramacki, Artur},
	title = {Instrukcja do zajęć laboratoryjnych. Język ANSI C (w systemie LINUX)},
	url = {http://staff.uz.zgora.pl/agramack/files/Linux/ANSI_C_Linux_Lab5.pdf},
	urldate = {2019-12-09}
}


%% CMake

@online{CMakeIntro,
	author = {Kitware},
	title = {About CMake},
	url = {https://cmake.org/overview/},
	urldate = {2019-12-07}
}

@online{CMakeSupport,
	author = {Sandy McKenzie (KitwareBlog)},
	title = {CMake Ups Support for Popular Programming Languages in Version 3.8},
	url= {https://blog.kitware.com/cmake-ups-support-for-popular-programming-languages-in-version-3-8/},
	urldate = {2019-12-07}
}

@online{CMakeRight,
	author = {Arias, Pablo},
	title = {It's Time To Do CMake Right},
	url= {https://pabloariasal.github.io/2018/02/19/its-time-to-do-cmake-right/},
	urldate = {2019-12-07}
}

%% Python

@manual{Lutz,
	author = {Lutz, Mark},
	title = {Python. Wprowadzenie. Wydanie IV (Learning Python, Fourth Edition by Mark Lutz)},
	year = {2011},
	pages = {49--65},
	publisher = {HELION S.A.},
	address = {ul. Kościuszki 1c, 44-100 Gliwice},
}


@online{Python2vs3,
	author = {Bradford, Laurence},
	title = {What Should I Learn As A Beginner: Python 2 Or Python 3?},
	url = {https://learntocodewith.me/programming/python/python-2-vs-python-3/},
	urldate = {2019-12-07}
}

@online{Python2Countdown,
	author = {Team Anaconda},
	title = {End of Life (EOL) for Python 2.7 is coming. Are you ready?},
	url = {https://www.anaconda.com/end-of-life-eol-for-python-2-7-is-coming-are-you-ready/},
	urldate = {2019-12-07}
}

%% Bash
@online{BashMan,
	title = {Bash Reference Manual},
	url = {http://www.gnu.org/software/bash/manual/bash.html#What-is-Bash_003f},
	urldate = {2019-12-08}
}

%% Git
@online{GitChart,
	author = {Anand Abhishek Singh},
	title = {File states in Git},
	url = {https://anandabhisheksingh.me/file-states-git/},
	urldate = {2019-12-08}
}

%% RPM

@online{ManagerWiki,
	author = {Wikipedia The Free Encyclopedia},
	title = {Package manager},
	url = {https://en.wikipedia.org/wiki/Package_manager},
	urldate = {2019-12-08}
}

%% Wirtualizacja i konteneryzacja

@online{Virt,
	author = {opensource.com},
	title = {What is virtualization?},
	url = {https://opensource.com/resources/virtualization},
	urldate = {2019-12-08}
}

@online{Kont,
	url = {https://www.edureka.co/blog/what-is-docker-container},
	title = {What Is Docker And Docker Container ? A Deep Dive Into Docker !},
	urldate = {2019-12-11},
	author = {Chaturvedi, Vineet}
}

@online{Kont2,
	url = {https://pl.euro-linux.com/blog/podstawy-konteneryzacji/},
	title = {Podstawy konteneryzacji – czyli jak w Linuksie działają kontenery},
	urldate = {2019-12-11},
	author = {EuroLinux Sp. z o.o.}
}

@online{Kont3,
	url = {https://stackoverflow.com/questions/42158596/can-windows-containers-be-hosted-on-linux},
	title = {Can Windows Containers be hosted on linux?},
	urldate = {2019-12-11},
	author = {evgenyl}
}

@online{Kont4,
	url = {https://blog.netapp.com/blogs/containers-vs-vms/},
	title = {Containers vs. Virtual Machines (VMs): What’s the Difference?},
	urldate = {2019-12-11},
	author = {Chamberlain, Doug}
}


%%%%%%%%%%%%%%%%%%%%%%%%%%%%%%%%%%%%%
%% Stan początkowy
%%%%%%%%%%%%%%%%%%%%%%%%%%%%%%%%%%%%%

@manual{PluteckiMgr,
	author = {Plutecki, Przemysław},
	title = {Aktualizacja oprogramowania oraz sprzętu elektronicznego dla Systemu Stabilizacji Wzmocnienia Gazowego},
	year = {2015}
}

@manual{ZadrozniakMgr,
	author = {Zadrożniak, Paweł},
	title = {Aktualizacja sprzętu elektronicznego dla Systemu Stabilizacji Wzmocnienia Gazowego},
	year = {2015}
}


%%%%%%%%%%%%%%%%%%%%%%%%%%%%%%%%%%%%%
%% Ograniczenia
%%%%%%%%%%%%%%%%%%%%%%%%%%%%%%%%%%%%%

@online{GCC48,
	author = {GCC Team},
	title = {Status of Experimental C++11 Support in GCC 4.8},
	url = {https://gcc.gnu.org/gcc-4.8/cxx0x_status.html},
	urldate = {2019-12-07}
}

@online{NewInCMake,
	title = {What's new in in CMake},
	url = {https://cliutils.gitlab.io/modern-cmake/chapters/intro/newcmake.html},
	urldate = {2019-12-07}
}


%%%%%%%%%%%%%%%%%%%%%%%%%%%%%%%%%%%%%
%% Wykonane prace
%%%%%%%%%%%%%%%%%%%%%%%%%%%%%%%%%%%%%

% GitLab

@online{GitLabPermissions,
	author = {GitLab},
	title = {Permissions},
	url = {https://docs.gitlab.com/ee/user/permissions.html},
	urldate = {2019-12-11}
}

% CI/CD

@online{CICDDef,
	author = {Porembiński, Kamil},
	title = {Continuous Integration, Continuous Delivery oraz Continuous Deployment},
	url = {https://thecamels.org/pl/continuous-integration-continuous-delivery-oraz-continuous-deployment/},
	urldate = {2019-12-10}
}


@online{JenkinsWiki,
	author = {Wikipedia The Free Encyclopedia},
	title = {Jenkins (software)},
	url = {https://en.wikipedia.org/wiki/Jenkins_(software)},
	urldate = {2019-12-10}
}

@online{AutoDevOpsPage,
	author = {GitLab},
	title = {Auto DevOps},
	url = {https://docs.gitlab.com/ee/topics/autodevops/},
	urldate = {2019-12-10}
}

@online{CIzGitLab,
	author = {DevKR},
	title = {Continuous Integration z GitLab CI},
	url = {https://devkr.pl/2018/01/15/continuous-integration-gitlab-ci/},
	urldate = {2019-12-10}
}

@online{GitLabPage,
	author = {GitLab},
	title = {GitLab Continuous Integration (CI) and Continuous Delivery (CD)},
	url = {https://about.gitlab.com/product/continuous-integration/},
	urldate = {2019-12-10}
}

@online{YAMLWiki,
	author = {Wikipedia The Free Encyclopedia},
	title = {YAML},
	url = {https://en.wikipedia.org/wiki/YAML},
	urldate = {2019-12-10}
}


%% Dokumentacja

@online{Markdown1,
	author = {Gruber, John},
	title = {Markdown},
	url = {https://daringfireball.net/projects/markdown/},
	urldate = {2019-12-11}
}
